
@Misc{baumann:rasdaman,
  author  = {Baumann, Peter},
  title   = {rasdaman - raster data manager},
  year    = {2018},
  date    = {2018-01-31},
  doi     = {10.5281/zenodo.1163021},
  type    = {software},
  url     = {http://www.rasdaman.org},
  urldate = {2019-05-04},
}



@article{Wei_Assessing_2012,
  title={Assessing the fragmentation of construction land in urban areas: An index method and case study in Shunde, China},
  year={2012},
  author={Wei, Y and Zhang, Z},
  journal={Land Use Policy}
}


@InProceedings{langella:weatherprog2014,
  author    = {Langella, Giuliano},
  title     = {WeatherProg: a computer program for the automatic handling of climatic data},
  booktitle = {Role of agrometeorology in the new politics in agriculture},
  year      = {2014},
}



@InProceedings{langella:weatherprog2016,
  author    = {Langella, Giuliano and Basile, Angelo and Bonfante, Antonello and De Mascellis, Roberto and Manna, Piero and Terribile, Fabio},
  title     = {Semi-automatic handling of meteorological ground measurements using WeatherProg: prospects and practical implications},
  booktitle = {European Geosciences Union (EGU) General Assembly, 17/22 April 2016, Vienna, Austria},
  year      = {2016},
}



@article{Daly08_PRISM_USA,
    author = {Daly, Christopher and Halbleib, Michael and Smith, Joseph I. and Gibson, Wayne P. and Doggett, Matthew K. and Taylor, George H. and Curtis, Jan and Pasteris, Phillip P.},
    title = {Physiographically sensitive mapping of climatological temperature and precipitation across the conterminous United States},
    journal = {International Journal of Climatology},
    volume = {28},
    number = {15},
    pages = {2031-2064},
    doi = {10.1002/joc.1688},
    year = {2008}
}



@Misc{silva:pgmodeler,
  author  = {Silva, Raphael A.},
  title   = {pgModeler: PostgreSQL Database Modeler},
  year    = {2019},
  type    = {software},
  url     = {https://pgmodeler.io},
  urldate = {2019-05-04},
}





@Misc{postgres:postgresql,
  author  = {{The PostgreSQL Global Development Group}},
  title   = {PostgreSQL: The World's Most Advanced Open Source Relational Database},
  year    = {2019},
  type    = {software},
  url     = {https://www.postgresql.org},
  urldate = {2019-05-04},
}



@Misc{postgis:postgis,
  author  = {{PostGIS development community}},
  title   = {PostGIS: Spatial and Geographical Objects for PostgreSQL},
  year    = {2019},
  url     = {https://postgis.net},
  urldate = {2019-05-04},
}



@TechReport{wcdmp:cdms,
  author      = {Plummer, Neil and Lipa, Wolfganf and Palmer, Steve and Prank, Glenn and Shortridge, John and Stuber, Denis},
  title       = {Guidelines on Climate Data Management},
  institution = {World Metereological Organization (WMO)},
  year        = {2007},
  number      = {60},
  series      = {World Climate Data and Monitoring Programme (WCDMP)},
  url         = {http://www.wmo.int/pages/prog/wcp/wcdmp/documents/WCDMPNo60.pdf},
  urldate     = {2019-05-05},
}


